@article{spf2022,
	title={ Security policy framework policy paper},
	author={{Cabinet Office}},
	url={https://www.gov.uk/government/publications/security-policy-framework/hmg-security-policy-framework},
	year={2022}
},

@article{dpa2018,
	title={ Data Protection Act 2018 },
	author={{UK Government}},
	url={https://www.legislation.gov.uk/ukpga/2018/12/contents/enacted},
	year={2018}
},

@article{phishingstats,
	title={  Cyber Security Breaches Survey 2022 },
	author={{UK Government}},
	url={https://www.gov.uk/government/statistics/cyber-security-breaches-survey-2022/cyber-security-breaches-survey-2022},
	year={2022}
},
